<record><leader>00000cas a2200000 a 4500</leader><controlfield tag="001">38518385</controlfield><controlfield tag="008">980226d194419uumiuwr n       0    0eng c</controlfield><datafield ind1=" " ind2=" " tag="010"><subfield code="a">sn 98066060 </subfield></datafield><datafield ind1=" " ind2=" " tag="040"><subfield code="a">MHN</subfield><subfield code="b">eng</subfield><subfield code="c">MHN</subfield><subfield code="d">OCL</subfield><subfield code="d">OCLCQ</subfield><subfield code="d">OCLCF</subfield><subfield code="d">OCLCO</subfield></datafield><datafield ind1="1" ind2=" " tag="029"><subfield code="a">AU@</subfield><subfield code="b">000013798222</subfield></datafield><datafield ind1=" " ind2=" " tag="042"><subfield code="a">pcc</subfield></datafield><datafield ind1=" " ind2=" " tag="043"><subfield code="a">n-us-mi</subfield></datafield><datafield ind1="0" ind2="0" tag="245"><subfield code="a">Willow Run dispatch.</subfield></datafield><datafield ind1="3" ind2=" " tag="246"><subfield code="a">Willow Run</subfield></datafield><datafield ind1="1" ind2="3" tag="246"><subfield code="a">Willow Run newspaper</subfield></datafield><datafield ind1=" " ind2=" " tag="260"><subfield code="a">Willow Run, Mich. :</subfield><subfield code="b">[s.n.]</subfield></datafield><datafield ind1=" " ind2=" " tag="300"><subfield code="a">v.</subfield></datafield><datafield ind1=" " ind2=" " tag="310"><subfield code="a">Weekly</subfield></datafield><datafield ind1="0" ind2=" " tag="362"><subfield code="a">Vol. 1, no. 1 (May 6, 1944)-</subfield></datafield><datafield ind1=" " ind2=" " tag="500"><subfield code="a">Issues for May 6-13, 1944 called: Willow Run, while contest was held for name of paper.</subfield></datafield><datafield ind1=" " ind2=" " tag="500"><subfield code="a">"Owned and operated for and by the residents of Willow Run."</subfield></datafield><datafield ind1=" " ind2="0" tag="651"><subfield code="a">Ypsilanti (Mich.)</subfield><subfield code="v">Newspapers.</subfield></datafield><datafield ind1=" " ind2="0" tag="651"><subfield code="a">Washtenaw County (Mich.)</subfield><subfield code="v">Newspapers.</subfield></datafield><datafield ind1=" " ind2="7" tag="655"><subfield code="a">Newspapers.</subfield><subfield code="2">fast</subfield><subfield code="0">(OCoLC)fst01423814</subfield></datafield><datafield ind1=" " ind2="7" tag="651"><subfield code="a">Michigan</subfield><subfield code="z">Washtenaw County.</subfield><subfield code="2">fast</subfield><subfield code="0">(OCoLC)fst01214739</subfield></datafield><datafield ind1=" " ind2="7" tag="651"><subfield code="a">Michigan</subfield><subfield code="z">Ypsilanti.</subfield><subfield code="2">fast</subfield><subfield code="0">(OCoLC)fst01207443</subfield></datafield><datafield ind1=" " ind2=" " tag="752"><subfield code="a">United States</subfield><subfield code="b">Michigan</subfield><subfield code="c">Washtenaw</subfield><subfield code="d">Ypsilanti.</subfield></datafield></record>